%% Custom bibliography file
@ARTICLE{AxhausenEtAl_Transportation_2002,
  AUTHOR = {Axhausen, Kay Werner and Zimmermann, Andrea and Sch{\"o}nfelder, Stefan and Rindsf{\"u}ser, Guido and Haupt, Thomas},
  TITLE = {Observing the Rhythms of Daily Life: A Six-Week Travel Diary},
  JOURNAL = {Transportation},
  YEAR = {2002},
  volume = {29},
  number = {2},
  pages = {95--124},
}

@article{axhausen1909histologischen,
  title={Die histologischen und klinischen Gesetze der freien Osteoplastik auf Grund von Tierversuchen},
  author={Axhausen, Georg and others},
  journal={Arch Klin Chir},
  volume={88},
  pages={23--145},
  year={1909}
}